

@misc{bojanczyk_slightly2018,
  author = {Boja\'nczyk, Miko{\l}aj},
  title  = {Slightly infinite sets},
  year   = {2018},
  note   = {Available at \url{mimuw.edu.pl/~bojan/paper/atom-book}. Accessed: July 3, 2025}
}


@inbook{Ziegler_2008,
  author    = {Ziegler, Martin},
  editor    = {Chatzidakis, Zo{\'e} and Macpherson, Dugald and Pillay, Anand and Wilkie, AlexEditors},
  pages     = {225--248},
  publisher = {Cambridge University Press},
  series    = {London Mathematical Society Lecture Note Series},
  title     = {Fusion of structures of finite Morley rank},
  year      = {2008}
}


@book{hodges1993model,
  author    = {Hodges, Wilfrid},
  publisher = {Cambridge University Press},
  series    = {Encyclopedia of Mathematics and its Applications},
  title     = {Model Theory},
  year      = {1993}
}


@inproceedings{bojanczykstefanski2020,
  address   = {Dagstuhl, Germany},
  author    = {Miko{\l}aj Boja{\'n}czyk and Rafa{\l} Stefa{\'n}ski},
  booktitle = {International Colloquium on Automata, Languages, and Programming (ICALP 2020)},
  editor    = {Artur Czumaj and Anuj Dawar and Emanuela Merelli},
  pages     = {113:1--113:14},
  publisher = {Schloss Dagstuhl--Leibniz-Zentrum f{\"u}r Informatik},
  series    = {Leibniz International Proceedings in Informatics (LIPIcs)},
  title     = {{Single-Use Automata and Transducers for Infinite Alphabets}},
  volume    = {168},
  year      = {2020}
}


@article{DBLP:journals/corr/abs-1907-10504,
  author     = {Mikolaj Bojanczyk and
                Rafal Stefanski},
  title      = {Single use register automata for data words},
  journal    = {CoRR},
  volume     = {abs/1907.10504},
  year       = {2019},
  url        = {http://arxiv.org/abs/1907.10504},
  eprinttype = {arXiv},
  eprint     = {1907.10504},
  timestamp  = {Thu, 01 Aug 2019 08:59:33 +0200},
  biburl     = {https://dblp.org/rec/journals/corr/abs-1907-10504.bib},
  bibsource  = {dblp computer science bibliography, https://dblp.org}
}


@phdthesis{stefanski-phd,
  author = {Rafa{\l} Stefa{\'n}ski},
  school = {University of Warsaw},
  title  = {The single-use restriction for register automata and transducers over infinite alphabets},
  year   = {2021}
}


@article{simonFactorizationForestsFinite1990,
  author  = {Simon, Imre},
  journal = {Theoretical Computer Science},
  number  = {1},
  pages   = {65--94},
  title   = {Factorization Forests of Finite Height},
  volume  = {72},
  year    = {1990}
}
